@misc{Horowitz2023,
author = {Horowitz, A. and Hatchett, C. and Staveski, A.},
title = {How Housing Costs Drive Levels of Homelessness},
howpublished = {https://pew.org/3E021FX},
year = {2023},
month = {Aug},
day = {22}
}
@article{Ogur1973,
author = {Ogur, J. D.},
title = {Higher Education and Housing: The Impact of Colleges and Universities on Local Rental Housing Markets},
journal = {The American Journal of Economics and Sociology},
volume = {32},
number = {4},
pages = {387--394},
year = {1973}
}
@article{Rivas2019,
author = {Rivas, R. and Patil, D. and Hristidis, V. and Barr, J. R. and Srinivasan, N.},
title = {The impact of colleges and hospitals to local real estate markets},
journal = {Journal of Big Data},
volume = {6},
number = {1},
pages = {7},
year = {2019},
doi = {10.1186/s40537-019-0174-7}
}
@techreport{Rugg2000,
author = {Rugg, J. and Rhodes, D. and Jones, A.},
title = {The nature and impact of student demand on housing markets},
institution = {Joseph Rowntree Foundation},
year = {2000}
}
@article{Sirmans1991,
author = {Sirmans, G. S. and Benjamin, J. D.},
title = {Determinants of Market Rent},
journal = {The Journal of Real Estate Research},
volume = {6},
number = {3},
pages = {357--379},
year = {1991}
}
@inbook{Smith2004,
author = {Smith, D. P.},
title = {'Studentification ication': The gentrification factory?},
booktitle = {Gentrification in a Global Context},
publisher = {Routledge},
year = {2004}
}
@misc{GAO2023,
author = {{U. S. Government Accountability Office}},
title = {The Affordable Housing Crisis Grows While Efforts to Increase Supply Fall Short | U.S. GAO},
howpublished = {https://www.gao.gov/blog/affordable-housing-crisis-grows-while-efforts-increase-supply-fall-short},
year = {2023},
month = {Nov},
day = {7}
}
@article{Yilmaz2022,
author = {Yilmaz, O. and Talavera, O. and Jia, J. Y.},
title = {Rental Market Liquidity, Seasonality, and Distance to Universities},
journal = {International Journal of the Economics of Business},
volume = {29},
number = {2},
pages = {223--239},
year = {2022},
doi = {10.1080/13571516.2022.2033078}
}

@manual{nces,
  author       = {{National Center for Education Statistics}},
  title        = {Integrated Postsecondary Education Data System},
  organization = {National Center for Education Statistics},
  year         = {2018-2022},
  url          = {https://nces.ed.gov/ipeds/datacenter/DataFiles.aspx?gotoReportId=7&fromIpeds=true&sid=01cad48c-203a-4231-8461-90b0de5f3c83&rtid=1}
}

@manual{hud,
  author       = {{Office of Policy Development and Research}},
  title        = {50th Percentile Rent Estimates},
  organization = {Housing and Urban Development},
  year         = {2017-2022},
  url          = {https://www.huduser.gov/portal/datasets/50per.html#year2022}
}

@unpublished{professor,
  author = {Tyler Ransom},
  title  = {Public County Data},
  note   = {University of Oklahoma},
  year   = {2024}, 
  url = {https://github.com/tyleransom/public-county-data/blob/master/data/county-combined/cleaned/county_all.csv.zip}
}

@manual{uscensus1,
  author       = {{U.S. Census}},
  title        = {Gazetteer Files},
  organization = {US Census},
  year         = {2023},
  url          = {https://www.census.gov/geographies/reference-files/time-series/geo/gazetteer-files.html}
}

@manual{uscensus2,
  author       = {{U.S. Census}},
  title        = {National, State, and County Housing Unit Totals: 2020-2022},
  organization = {U.S. Census},
  year         = {2017-2022},
  url          = {https://www.census.gov/data/datasets/time-series/demo/popest/2020s-total-housing-units.html}
}