@misc{horowitz2023housing,
  author = {Horowitz, A. and Hatchett, C. and Staveski, A.},
  title = {How Housing Costs Drive Levels of Homelessness},
  year = {2023},
  month = {August},
  day = {22},
  howpublished = {\url{https://pew.org/3E021FX}},
}

@article{ogur1973higher,
  author = {Ogur, J. D.},
  title = {Higher Education and Housing: The Impact of Colleges and Universities on Local Rental Housing Markets},
  journal = {The American Journal of Economics and Sociology},
  volume = {32},
  number = {4},
  pages = {387--394},
  year = {1973},
}

@article{rivas2019impact,
  author = {Rivas, R. and Patil, D. and Hristidis, V. and Barr, J. R. and Srinivasan, N.},
  title = {The impact of colleges and hospitals to local real estate markets},
  journal = {Journal of Big Data},
  volume = {6},
  number = {1},
  pages = {7},
  year = {2019},
  doi = {10.1186/s40537-019-0174-7},
}

@book{rugg2000nature,
  author = {Rugg, J. and Rhodes, D. and Jones, A.},
  title = {The nature and impact of student demand on housing markets},
  year = {2000},
}

@article{sirmans1991determinants,
  author = {Sirmans, G. S. and Benjamin, J. D.},
  title = {Determinants of Market Rent},
  journal = {The Journal of Real Estate Research},
  volume = {6},
  number = {3},
  pages = {357--379},
  year = {1991},
}

@incollection{smith2004studentification,
  author = {Smith, D. P.},
  title = {'Studentification': The gentrification factory?},
  booktitle = {Gentrification in a Global Context},
  publisher = {Routledge},
  year = {2004},
}

@misc{usgao2023affordable,
  author = {{U. S. Government Accountability Office}},
  title = {The Affordable Housing Crisis Grows While Efforts to Increase Supply Fall Short},
  year = {2023},
  month = {November},
  day = {7},
  howpublished = {\url{https://www.gao.gov/blog/affordable-housing-crisis-grows-while-efforts-increase-supply-fall-short}},
}

@article{yilmaz2022rental,
  author = {Yilmaz, O. and Talavera, O. and Jia, J. Y.},
  title = {Rental Market Liquidity, Seasonality, and Distance to Universities},
  journal = {International Journal of the Economics of Business},
  volume = {29},
  number = {2},
  pages = {223--239},
  year = {2022},
  doi = {10.1080/13571516.2022.2033078},
}
